@misc{dataproc-output,
  author       = {{Google Cloud}},
  title        = {Viewing and Understanding Dataproc Job Output},
  year         = {2024},
  howpublished = {\url{https://cloud.google.com/dataproc/docs/guides/dataproc-job-output}},
  note         = {Accessed: 2025-07-11}
}

@misc{spark-config,
  author       = {{Apache Spark}},
  title        = {Spark Configuration},
  year         = {2024},
  howpublished = {\url{https://spark.apache.org/docs/3.5.5/configuration.html\#execution-behavior}},
  note         = {Accessed: 2025-07-11}
}

@misc{dataproc-dynalloc,
  author       = {{Google Cloud}},
  title        = {Tuning Spark Jobs on Dataproc},
  year         = {2024},
  howpublished = {\url{https://cloud.google.com/dataproc/docs/support/spark-job-tuning\#use_dynamic_allocation}},
  note         = {Accessed: 2025-07-11}
}
